<?xml version = "1.0" encoding = "UTF-8"?>
<x_server_response metalib_version="4.3.1 (602)">
<present_response>
<record xmlns="http://www.loc.gov/MARC21/slim"
xmlns:xsi="http://www.w3.org/2001/XMLSchema-instance"
xsi:schemaLocation="http://www.loc.gov/MARC21/slim
http://www.loc.gov/standards/marcxml/schema/MARC21slim.xsd">
<datafield tag="035" ind1=" " ind2=" ">
<subfield code="a">PCFEngineeringforclimaticchangeThomasTelford19931992Oc</subfield>
</datafield>
<datafield tag="505" ind1=" " ind2=" ">
<subfield code="c">CN001471491</subfield>
<subfield code="r">Tickell, C.</subfield>
<subfield code="t">Global warming and its effects</subfield>
<subfield code="w">p. 1-8</subfield>
</datafield>
<datafield tag="505" ind1=" " ind2=" ">
<subfield code="c">CN001471508</subfield>
<subfield code="r">Beran, M.</subfield>
<subfield code="r">Arnell, N.</subfield>
<subfield code="r">Collier, C.</subfield>
<subfield code="t">The likely effects of climate change in the United Kingdom and elsewhere</subfield>
<subfield code="w">p. 9-14</subfield>
</datafield>
<datafield tag="505" ind1=" " ind2=" ">
<subfield code="c">CN001471510</subfield>
<subfield code="t">Discussion</subfield>
<subfield code="w">p. 15-16</subfield>
</datafield>
<datafield tag="505" ind1=" " ind2=" ">
<subfield code="c">CN001471521</subfield>
<subfield code="r">Swinnerton, C. J.</subfield>
<subfield code="t">The view of the National Rivers Authority</subfield>
<subfield code="w">p. 17-37</subfield>
</datafield>
<datafield tag="505" ind1=" " ind2=" ">
<subfield code="c">CN001471533</subfield>
<subfield code="r">Hewett, B. A. O.</subfield>
<subfield code="r">Harries, C. D.</subfield>
<subfield code="r">Fenn, C. R.</subfield>
<subfield code="t">Water resource planning in the uncertainty of climatic change: a water company perspective</subfield>
<subfield code="w">p. 38-54</subfield>
</datafield>
<datafield tag="505" ind1=" " ind2=" ">
<subfield code="c">CN001471545</subfield>
<subfield code="r">Binnie, C. J. A.</subfield>
<subfield code="r">Herrington, P. R.</subfield>
<subfield code="t">Effects of climate change on water resources and demands</subfield>
<subfield code="w">p. 55-74</subfield>
</datafield>
<datafield tag="505" ind1=" " ind2=" ">
<subfield code="c">CN001471557</subfield>
<subfield code="t">Discussion</subfield>
<subfield code="w">p. 75</subfield>
</datafield>
<datafield tag="505" ind1=" " ind2=" ">
<subfield code="c">CN001471569</subfield>
<subfield code="r">Hannah, I. W.</subfield>
<subfield code="t">Energy</subfield>
<subfield code="w">p. 76-81</subfield>
</datafield>
<datafield tag="505" ind1=" " ind2=" ">
<subfield code="c">CN001471570</subfield>
<subfield code="r">Fleming, C. A.</subfield>
<subfield code="t">Shoreline management in response to climatic change</subfield>
<subfield code="w">p. 82-92</subfield>
</datafield>
<datafield tag="505" ind1=" " ind2=" ">
<subfield code="c">CN001471582</subfield>
<subfield code="r">Thomas, R. S.</subfield>
<subfield code="r">Child, M. W.</subfield>
<subfield code="t">Appropriate solutions for maritime engineering</subfield>
<subfield code="w">p. 93-105</subfield>
</datafield>
<datafield tag="505" ind1=" " ind2=" ">
<subfield code="c">CN001471594</subfield>
<subfield code="r">Huntington, S. W.</subfield>
<subfield code="r">Powell, K. A.</subfield>
<subfield code="t">Management of beaches in an environment of changing sea levels and wave climate</subfield>
<subfield code="w">p. 106-120</subfield>
</datafield>
<datafield tag="505" ind1=" " ind2=" ">
<subfield code="c">CN001471600</subfield>
<subfield code="t">Discussion</subfield>
<subfield code="w">p. 121-124</subfield>
</datafield>
<datafield tag="505" ind1=" " ind2=" ">
<subfield code="c">CN001471612</subfield>
<subfield code="r">Gammon, J. R. A.</subfield>
<subfield code="t">Geotechnics and structures in the uncertainty of climatic change</subfield>
<subfield code="w">p. 125-144</subfield>
</datafield>
<datafield tag="546" ind1=" " ind2=" ">
<subfield code="a">English</subfield>
</datafield>
<datafield tag="598" ind1=" " ind2=" ">
<subfield code="b">Papers</subfield>
</datafield>
<datafield tag="260" ind1=" " ind2=" ">
<subfield code="a">Thomas Telford; 1993</subfield>
</datafield>
<controlfield tag="LDR">^^^^^cam^^2200385^^^4500</controlfield>
<controlfield tag="008">^^^^^^^1993</controlfield>
<datafield tag="020" ind1=" " ind2=" ">
<subfield code="a">0727719254</subfield>
</datafield>
<datafield tag="041" ind1=" " ind2=" ">
<subfield code="a">eng</subfield>
</datafield>
<datafield tag="100" ind1=" " ind2=" ">
<subfield code="a">White, R.</subfield>
</datafield>
<datafield tag="245" ind1=" " ind2=" ">
<subfield code="p">Engineering for climatic change</subfield>
</datafield>
<datafield tag="653" ind1=" " ind2=" ">
<subfield code="a">climatic change; engineering; ICE</subfield>
</datafield>
<datafield tag="711" ind1=" " ind2=" ">
<subfield code="a">Symposium on engineering in the uncertainty of climatic change</subfield>
<subfield code="c">London</subfield>
<subfield code="d">1992; Oct</subfield>
</datafield>
<datafield tag="936" ind1=" " ind2=" ">
<subfield code="0">English</subfield>
</datafield>
<datafield tag="945" ind1=" " ind2=" ">
<subfield code="f">bks</subfield>
</datafield>
<datafield tag="947" ind1=" " ind2=" ">
<subfield code="p">20090601</subfield>
</datafield>
<datafield tag="949" ind1=" " ind2=" ">
<subfield code="i">Book</subfield>
<subfield code="x">b</subfield>
</datafield>
<datafield tag="970" ind1=" " ind2=" ">
<subfield code="w">Institution of Civil Engineers</subfield>
</datafield>
<datafield tag="980" ind1=" " ind2=" ">
<subfield code="y">94/01056; Engineering</subfield>
</datafield>
<datafield tag="SID" ind1=" " ind2=" ">
<subfield code="a">Z39</subfield>
<subfield code="b">L_PCF1</subfield>
<subfield code="d">CAL01690</subfield>
<subfield code="i">595959</subfield>
<subfield code="j">000019</subfield>
<subfield code="s">047160</subfield>
<subfield code="t">ProceedingsFirst</subfield>
</datafield>
<controlfield tag="RAN">000</controlfield>
<datafield tag="YR " ind1=" " ind2=" ">
<subfield code="a">1993</subfield>
</datafield>
<controlfield tag="SET">047160</controlfield>
<controlfield tag="SYS">014419554</controlfield>
<openURL>
<ctx:context-objects xmlns:ctx="info:ofi/fmt:xml:xsd:ctx" xmlns:xsi="http://www.w3.org/2001/XMLSchema-instance" xsi:schemaLocation="info:ofi/fmt:xml:xsd:ctx http://www.openurl.info/registry/docs/info:ofi/fmt:xml:xsd:ctx">
<ctx:context-object timestamp="2002-06-14T12:13:00Z" version="Z39.88-2004" identifier="125">
<ctx:referent>
<ctx:metadata-by-val>
<ctx:format>info:ofi/fmt:xml:xsd:book</ctx:format>
<ctx:metadata>
<rft:book xmlns:rft="info:ofi/fmt:xml:xsd:book" xsi:schemaLocation= "info:ofi/fmt:xml:xsd:book http://www.openurl.info/registry/docs/info:ofi/fmt:xml:xsd:book">
<rft:authors>
<rft:author>
<rft:aulast>White</rft:aulast>
<rft:aufirst> R</rft:aufirst>
<rft:auinit></rft:auinit>
</rft:author>
</rft:authors>
<rft:title></rft:title>
<rft:btitle></rft:btitle>
<rft:date>1993</rft:date>
<rft:pub></rft:pub>
<rft:place></rft:place>
<rft:isbn>0727719254</rft:isbn>
<rft:genre></rft:genre>
<rft:edition></rft:edition>
<ctx:identifier>info:doi/</ctx:identifier>
<rft:sici></rft:sici>
<rft:opid></rft:opid>
</rft:book>
</ctx:metadata>
</ctx:metadata-by-val>
<ctx:metadata-by-ref>
<ctx:format></ctx:format>
<ctx:location>http://metalib.calstate.edu:8331/X?OP=sfx-get-doc&amp;doc-number=014419554</ctx:location>
</ctx:metadata-by-ref>
</ctx:referent>
<ctx:referrer>
<ctx:identifier>info:sid/metalib.com:L_PCF1</ctx:identifier>
</ctx:referrer>
</ctx:context-object>
</ctx:context-objects>
</openURL>
</record>
<session_id new_session="N">F3G7F2JVPXXLNCHT5KR37L47476KBD875UD82Y8JHAK972AV92</session_id>
</present_response>
</x_server_response>
 